@Article{sutcliffe2017tptp,
    Author       = "Sutcliffe, G.",
    Year         = "2017",
    Title        = "{The TPTP Problem Library and Associated Infrastructure.
                    From CNF to TH0, TPTP v6.4.0}",
    Journal      = "Journal of Automated Reasoning",
    Volume       = "59",
    Number       = "4",
    Pages        = "483-502"
}